@article{praos,
  author = {Bernardo David and Peter Ga\v{z}i and Aggelos Kiayias and Alexander Russell},
  title = {{Ouroboros Praos}: An adaptively-secure, semi-synchronous proof-of-stake blockchain}
}

@article{genesis,
  author = {Chtistian Badertscher and Peter Ga\v{z}i and Aggelos Kiayias and Alexander Russell and Vassilis Zikas},
  title = {{Ouroboros Praos}: An adaptively-secure, semi-synchronous proof-of-stake blockchain}
}

@article{DBLP:journals/corr/abs-1101-3262,
  author    = {Jesper Bengtson and
               Magnus Johansson and
               Joachim Parrow and
               Bj{\"{o}}rn Victor},
  title     = {Psi-calculi: a framework for mobile processes with nominal data and
               logic},
  journal   = {Logical Methods in Computer Science},
  volume    = {7},
  number    = {1},
  year      = {2011},
  url       = {https://doi.org/10.2168/LMCS-7(1:11)2011},
  doi       = {10.2168/LMCS-7(1:11)2011},
  timestamp = {Wed, 03 May 2017 14:47:54 +0200},
  biburl    = {http://dblp.uni-trier.de/rec/bib/journals/corr/abs-1101-3262},
  bibsource = {dblp computer science bibliography, http://dblp.org}
}

@article{Borgstrom:2015:BPA:2733585.2733600,
 author = {Borgstr\"{o}m, Johannes and Huang, Shuqin and Johansson, Magnus and Raabjerg, Palle and Victor, Bj\"{o}rn and \AA{}man Pohjola, Johannes and Parrow, Joachim},
 title = {Broadcast Psi-calculi with an Application to Wireless Protocols},
 journal = {Softw. Syst. Model.},
 issue_date = {February  2015},
 volume = {14},
 number = {1},
 month = feb,
 year = {2015},
 issn = {1619-1366},
 pages = {201--216},
 numpages = {16},
 url = {http://dx.doi.org/10.1007/s10270-013-0375-z},
 doi = {10.1007/s10270-013-0375-z},
 acmid = {2733600},
 publisher = {Springer-Verlag New York, Inc.},
 address = {Secaucus, NJ, USA},
 keywords = {Ad hoc routing protocol, Bisimulation, Broadcast communication, Psi-calculus},
}

@article{Borgstrom:2015:PWG:2724585.2682570,
 author = {Borgstrom, Johannes and Gutkovas, Ram\={u}nas and Rodhe, Ioana and Victor, Bj\"{o}rn},
 title = {The Psi-Calculi Workbench: A Generic Tool for Applied Process Calculi},
 journal = {ACM Trans. Embed. Comput. Syst.},
 issue_date = {January 2015},
 volume = {14},
 number = {1},
 month = jan,
 year = {2015},
 issn = {1539-9087},
 pages = {9:1--9:25},
 articleno = {9},
 numpages = {25},
 url = {http://doi.acm.org/10.1145/2682570},
 doi = {10.1145/2682570},
 acmid = {2682570},
 publisher = {ACM},
 address = {New York, NY, USA},
 keywords = {Wireless sensor networks, process calculi, symbolic semantics},
}

@inproceedings{Oliveira:2013:ASG:2426890.2426909,
 author = {Oliveira, Bruno C. d. S. and L\"{o}h, Andres},
 title = {Abstract Syntax Graphs for Domain Specific Languages},
 booktitle = {Proceedings of the ACM SIGPLAN 2013 Workshop on Partial Evaluation and Program Manipulation},
 series = {PEPM '13},
 year = {2013},
 isbn = {978-1-4503-1842-6},
 location = {Rome, Italy},
 pages = {87--96},
 numpages = {10},
 url = {http://doi.acm.org/10.1145/2426890.2426909},
 doi = {10.1145/2426890.2426909},
 acmid = {2426909},
 publisher = {ACM},
 address = {New York, NY, USA},
 keywords = {DSLs, graphs, haskell, observable sharing},
}

@article{Carette:2009:FTP:1630623.1630626,
 author = {Carette, Jacques and Kiselyov, Oleg and Shan, Chung-chieh},
 title = {Finally Tagless, Partially Evaluated: Tagless Staged Interpreters for Simpler Typed Languages},
 journal = {J. Funct. Program.},
 issue_date = {September 2009},
 volume = {19},
 number = {5},
 month = sep,
 year = {2009},
 issn = {0956-7968},
 pages = {509--543},
 numpages = {35},
 url = {http://dx.doi.org/10.1017/S0956796809007205},
 doi = {10.1017/S0956796809007205},
 acmid = {1630626},
 publisher = {Cambridge University Press},
 address = {New York, NY, USA},
}
