@article{DBLP:journals/corr/abs-1101-3262,
  author    = {Jesper Bengtson and
               Magnus Johansson and
               Joachim Parrow and
               Bj{\"{o}}rn Victor},
  title     = {Psi-calculi: a framework for mobile processes with nominal data and
               logic},
  journal   = {Logical Methods in Computer Science},
  volume    = {7},
  number    = {1},
  year      = {2011},
  url       = {https://doi.org/10.2168/LMCS-7(1:11)2011},
  doi       = {10.2168/LMCS-7(1:11)2011},
  timestamp = {Wed, 03 May 2017 14:47:54 +0200},
  biburl    = {http://dblp.uni-trier.de/rec/bib/journals/corr/abs-1101-3262},
  bibsource = {dblp computer science bibliography, http://dblp.org}
}

@inproceedings{Oliveira:2013:ASG:2426890.2426909,
 author = {Oliveira, Bruno C. d. S. and L\"{o}h, Andres},
 title = {Abstract Syntax Graphs for Domain Specific Languages},
 booktitle = {Proceedings of the ACM SIGPLAN 2013 Workshop on Partial Evaluation and Program Manipulation},
 series = {PEPM '13},
 year = {2013},
 isbn = {978-1-4503-1842-6},
 location = {Rome, Italy},
 pages = {87--96},
 numpages = {10},
 url = {http://doi.acm.org/10.1145/2426890.2426909},
 doi = {10.1145/2426890.2426909},
 acmid = {2426909},
 publisher = {ACM},
 address = {New York, NY, USA},
 keywords = {DSLs, graphs, haskell, observable sharing},
}

@article{Carette:2009:FTP:1630623.1630626,
 author = {Carette, Jacques and Kiselyov, Oleg and Shan, Chung-chieh},
 title = {Finally Tagless, Partially Evaluated: Tagless Staged Interpreters for Simpler Typed Languages},
 journal = {J. Funct. Program.},
 issue_date = {September 2009},
 volume = {19},
 number = {5},
 month = sep,
 year = {2009},
 issn = {0956-7968},
 pages = {509--543},
 numpages = {35},
 url = {http://dx.doi.org/10.1017/S0956796809007205},
 doi = {10.1017/S0956796809007205},
 acmid = {1630626},
 publisher = {Cambridge University Press},
 address = {New York, NY, USA},
}

@article{GORDON2003379,
title = "Typing correspondence assertions for communication protocols",
journal = "Theoretical Computer Science",
volume = "300",
number = "1",
pages = "379 - 409",
year = "2003",
issn = "0304-3975",
doi = "https://doi.org/10.1016/S0304-3975(02)00333-X",
url = "http://www.sciencedirect.com/science/article/pii/S030439750200333X",
author = "Andrew D Gordon and Alan Jeffrey"
}

@article{sessiontypes,
author = {Giunti, Marco and Vasconcelos, Vasco},
year = {2014},
title = {Linearity, Session Types and the Pi Calculus},
volume = {11},
journal = {Mathematical Structures in Computer Science}
}

@inproceedings{deVries:2014:TSP:2633628.2633634,
 author = {de Vries, Edsko and L\"{o}h, Andres},
 title = {True Sums of Products},
 booktitle = {Proceedings of the 10th ACM SIGPLAN Workshop on Generic Programming},
 series = {WGP '14},
 year = {2014},
 isbn = {978-1-4503-3042-8},
 location = {Gothenburg, Sweden},
 pages = {83--94},
 numpages = {12},
 url = {http://doi.acm.org/10.1145/2633628.2633634},
 doi = {10.1145/2633628.2633634},
 acmid = {2633634},
 publisher = {ACM},
 address = {New York, NY, USA},
 keywords = {datatype-generic programming, generic views, json, lenses, metadata, sums of products, universes},
}

@misc{pnsol:pendar2,
 author = {{Predictable Network Solutions}},
 title = {Performance Ensurance by Design, Assuring Requirements (Second Webinar)},
 note = {Uploaded March 2017},
 url = {\url{https://www.slideshare.net/pnsol-slides/pendar-webinar-2-with-notes}},
}
